@book{gatsby,
     title = {The Great Gatsby},
    author = {F. Scott Fitzgerald},
      isbn = {9783125776821},
      year = {2009},
 publisher = {Ernst Klett Sprachen}
}
@book{lol,
     title = {Harry Potter und der Orden des Ph√∂nix (Harry Potter 5)},
    author = {J.K. Rowling},
      isbn = {9783551555557},
      year = {2003},
 publisher = {}
}
@book{testSCAN,
     title = {Der verschwundene Halbgott},
    author = {Riordan, Rick 1964-},
      isbn = {9783551313188},
      year = {},
 publisher = {Haefs, Gabriele 1953-}
}
